@misc{yohannis2024wfo,
	author = {Yohannis, A. R. and Chudra, G.},
	title = {WFO to Remote Work (Indonesia)},
	year = {2024},
	note = {Version 3},
	doi = {10.5281/zenodo.13741856},
	url = {https://doi.org/10.5281/zenodo.13741856}
}

@incollection{Johanning2022,
	author = {Johanning, Volker},
	title = {Step 7: Monitoring and Control of the IT Strategy with the IT Strategy Cockpit},
	booktitle = {IT Strategy: Making IT Fit for the Digital Transformation},
	year = {2022},
	publisher = {Springer Fachmedien Wiesbaden},
	address = {Wiesbaden},
	pages = {281--303},
	isbn = {978-3-658-38772-3},
	doi = {10.1007/978-3-658-38772-3_11},
	url = {https://doi.org/10.1007/978-3-658-38772-3_11}
}

@article{samarasinghe2021study,
	title = {Study on The Effectiveness of Working from Home During Covid 19 Pandemic: A Long Term Solution in The New Normal},
	author = {Samarasinghe, T. and Sellahewa, W. N.},
	journal = {Vavuniya University International Research Symposium},
	year = {2021},
	pages = {0--6},
	number = {October}
}

@article{hamilton2019qualitative,
	title = {Qualitative methods in implementation research: An introduction},
	author = {Hamilton, A. B. and Finley, E. P.},
	journal = {Psychiatry Research},
	year = {2019},
	volume = {280},
	pages = {112516},
	doi = {10.1016/j.psychres.2019.112516}
}

@article{kumar2018qualitative,
	title = {Qualitative Research Methodology in Social Sciences and Related Subjects},
	author = {Kumar, M. H.},
	journal = {Journal of Economic Development, Environment and People},
	year = {2018},
	volume = {7},
	number = {1},
	pages = {23},
	doi = {10.26458/jedep.v7i1.571}
}

@article{seixas2018qualitative,
	title = {The Qualitative Descriptive Approach in International Comparative Studies: Using Online Qualitative Surveys},
	author = {Seixas, Bruna Valdivia and Smith, Natasha and Mitton, Craig},
	journal = {International Journal of Health Policy and Management},
	year = {2018},
	volume = {7},
	number = {9},
	pages = {778--781},
	doi = {10.15171/ijhpm.2017.142},
	pmid = {30316225},
	pmcid = {PMC6186482}
}

@article{turale2020brief,
	title = {A brief introduction to qualitative description: A research design worth using},
	author = {Turale, S.},
	journal = {Pacific Rim International Journal of Nursing Research},
	year = {2020},
	volume = {24},
	number = {3},
	pages = {289--291}
}

@article{yang2022effects,
	author = {Yang, Longqi and Holtz, David and Jaffe, Sonia and Suri, Siddharth and Sinha, Shilpi and Weston, Jeffrey and Joyce, Connor and Shah, Neha and Sherman, Kevin and Hecht, Brent and Teevan, Jaime},
	title = {The Effects of Remote Work on Collaboration Among Information Workers},
	journal = {Nature Human Behaviour},
	year = {2022},
	volume = {6},
	number = {1},
	pages = {43--54},
	doi = {10.1038/s41562-021-01196-4},
	url = {https://www.nature.com/articles/s41562-021-01196-4}
}

@article{Newbold2022NewNormals,
	title = {The new normals of work: a framework for understanding responses to disruptions created by new futures of work},
	author = {Newbold, Joseph W. and Rudnicka, Anna and Cook, David and Cecchinato, Marta E. and Gould, Sandy J.J. and Cox, Anna L.},
	journal = {Human--Computer Interaction},
	volume = {37},
	number = {6},
	pages = {508--531},
	year = {2022},
	publisher = {Taylor \& Francis},
	doi = {10.1080/07370024.2021.1982391},
	url = {https://doi.org/10.1080/07370024.2021.1982391}
}

@article{munch2022capabilities,
	title = {Capabilities of Digital Servitization: Evidence from the Socio-technical Systems Theory},
	author = {Münch, Christopher and Marx, Emanuel and Benz, Lukas and Hartmann, Evi and Matzner, Martin},
	journal = {Technological Forecasting and Social Change},
	volume = {176},
	pages = {121361},
	year = {2022},
	doi = {10.1016/j.techfore.2021.121361},
	publisher = {Elsevier},
	url = {https://doi.org/10.1016/j.techfore.2021.121361},
	note = {Open Access under CC BY license}
}

@article{Leonardi2024RemoteWork,
	title = {How Remote Work Changes the World of Work},
	author = {Leonardi, Paul M. and Parker, Sienna Helena and Shen, Roni},
	journal = {Annual Review of Organizational Psychology and Organizational Behavior},
	volume = {11},
	pages = {193--219},
	year = {2024},
	publisher = {Annual Reviews},
	doi = {10.1146/annurev-orgpsych-091922-015852},
	url = {https://doi.org/10.1146/annurev-orgpsych-091922-015852}
}

@article{Raj2023Remote,
	title = {Does remote working enhance firm performance? An analysis of global data},
	author = {Raj, Ayon and Rai, Rajesh and Sahoo, Satyasiba},
	journal = {Social Sciences \& Humanities Open},
	volume = {8},
	number = {1},
	pages = {100577},
	year = {2023},
	publisher = {Elsevier},
	doi = {10.1016/j.ssaho.2023.100577},
	url = {https://doi.org/10.1016/j.ssaho.2023.100577}
}

@article{Keppler2023RelationalConfidence,
	title = {Building relational confidence in remote and hybrid work arrangements: novel ways to use digital technologies to foster knowledge sharing},
	author = {Keppler, Samantha M. and Leonardi, Paul M.},
	journal = {Journal of Computer-Mediated Communication},
	volume = {28},
	number = {4},
	pages = {zmad020},
	year = {2023},
	publisher = {Oxford University Press},
	doi = {10.1093/jcmc/zmad020},
	url = {https://doi.org/10.1093/jcmc/zmad020}
}

@article{Smite2023WFHFlexibility,
	title = {Work-from-home is here to stay: Call for flexibility in post-pandemic work policies},
	author = {Smite, Darja and Moe, Nils Brede and Hildrum, Jarle and Gonzalez-Huerta, Javier and Mendez, Daniel},
	journal = {Journal of Systems and Software},
	volume = {195},
	pages = {111552},
	year = {2023},
	publisher = {Elsevier},
	doi = {10.1016/j.jss.2022.111552},
	url = {https://doi.org/10.1016/j.jss.2022.111552}
}

@article{Fan2023SubjectiveWellbeing,
	title = {Ongoing Remote Work, Returning to Working at Work, or in Between during COVID-19: What Promotes Subjective Well-Being?},
	author = {Fan, Wen and Moen, Phyllis},
	journal = {Journal of Health and Social Behavior},
	volume = {64},
	number = {1},
	pages = {152--171},
	year = {2023},
	publisher = {SAGE Publications},
	doi = {10.1177/00221465221150283},
	url = {https://doi.org/10.1177/00221465221150283}
}

@article{Lauring2024Hybrid,
	title = {What is hybrid work? Towards greater conceptual clarity of a common term and understanding its consequences},
	author = {Lauring, Jakob and Jonasson, Charlotte},
	journal = {Human Resource Management Review},
	volume = {35},
	number = {1},
	pages = {101044},
	year = {2025},
	publisher = {Elsevier},
	doi = {10.1016/j.hrmr.2024.101044},
	url = {https://doi.org/10.1016/j.hrmr.2024.101044}
}

@article{Choudhury2024Hybrid,
	title = {Is Hybrid Work the Best of Both Worlds? Evidence from a Field Experiment},
	author = {Choudhury, Prithwiraj and Khanna, Tarun and Makridis, Christos A. and Schirmann, Kyle},
	journal = {Review of Economics and Statistics},
	year = {Forthcoming},
	note = {Forthcoming},
	url = {https://scholar.harvard.edu/files/pchoudhury/files/hybridworkrct_restatforthcoming.pdf}
}

@book{TheOpenGroup2018,
	title={TOGAF® Standard, Version 10 -- A Pocket Guide},
	author={{The Open Group}},
	year={2022},
	publisher={Van Haren Publishing},
	address={Zaltbommel},
	isbn={9789401808503},
	url={https://publications.opengroup.org/g22c},
	note={Accessed: 2025-07-08}
}


@book{Ross2006,
	title={Enterprise Architecture as Strategy: Creating a Foundation for Business Execution},
	author={Jeanne W. Ross and Peter Weill and David Robertson},
	year={2006},
	publisher={Harvard Business School Press},
	address={Boston},
	isbn={ 1591398398},
	url={https://www.amazon.com.au/Enterprise-Architecture-Strategy-Foundation-Execution/dp/1591398398},
	note={Accessed: 2025-07-08}
}

@article{Henderson1993,
	title={Strategic alignment: Leveraging information technology for transforming organizations},
	author={John C. Henderson and N. Venkatraman},
	journal={IBM Systems Journal},
	volume={32},
	number={1},
	pages={4--16},
	year={1993},
	publisher={IBM},
	doi={10.1147/sj.382.0472},
	url={https://doi.org/10.1147/sj.382.0472},
	note={Accessed: 2025-07-08}
}
